% So sieht der Biblatex Eintag für eine Abschlussarbeit aus:
@thesis{ma-sebastian,
author = {Müller, Sebastian},
title = {Clear Sight in Cherenkov-Astronomy},
subtitle = {Investigations of Reflector Geometry and Mirror Alignment for the FACT-Telescope},
year = {2014},
type = {Masterarbeit},
school = {TU Dortmund}
}

% ein Lehrbuch:
@book{kuypers,
    author = {Kuypers, Friedhelm},
    title = {Klassische Mechanik},
    year = {2010},
    publisher = {Wiley-VCH},
    series = {9. Auflage}
}

@BOOK{handbook_adhesives,
  editor =       {Satas, D.},
  TITLE =        {Handbook of pressure sensitive adhesive technology},
  PUBLISHER =    {Van Nostrand Reinhold},
  YEAR =         {1989},
  address =      {New York},
  edition =      {2nd},
}

@article{Aartsen_2017,
   title={The IceCube Neutrino Observatory: instrumentation and online systems},
   volume={12},
   ISSN={1748-0221},
   url={http://dx.doi.org/10.1088/1748-0221/12/03/P03012},
   DOI={10.1088/1748-0221/12/03/p03012},
   number={03},
   journal={Journal of Instrumentation},
   publisher={IOP Publishing},
   author={Aartsen, M.G. and Ackermann, M. and Adams, J. and Aguilar, J.A. and Ahlers, M. and Ahrens, M. and Altmann, D. and Andeen, K. and Anderson, T. and Ansseau, I. and Anton, G. and Archinger, M. and Argüelles, C. and Auer, R. and Auffenberg, J. and Axani, S. and Baccus, J. and Bai, X. and Barnet, S. and Barwick, S.W. and Baum, V. and Bay, R. and Beattie, K. and Beatty, J.J. and Tjus, J. Becker and Becker, K.-H. and Bendfelt, T. and BenZvi, S. and Berley, D. and Bernardini, E. and Bernhard, A. and Besson, D.Z. and Binder, G. and Bindig, D. and Bissok, M. and Blaufuss, E. and Blot, S. and Boersma, D. and Bohm, C. and Börner, M. and Bos, F. and Bose, D. and Böser, S. and Botner, O. and Bouchta, A. and Braun, J. and Brayeur, L. and Bretz, H.-P. and Bron, S. and Burgman, A. and Burreson, C. and Carver, T. and Casier, M. and Cheung, E. and Chirkin, D. and Christov, A. and Clark, K. and Classen, L. and Coenders, S. and Collin, G.H. and Conrad, J.M. and Cowen, D.F. and Cross, R. and Day, C. and Day, M. and de André, J.P.A.M. and Clercq, C. De and Rosendo, E. del Pino and Dembinski, H. and Ridder, S. De and Descamps, F. and Desiati, P. and de Vries, K.D. and de Wasseige, G. and de With, M. and DeYoung, T. and Díaz-Vélez, J.C. and di Lorenzo, V. and Dujmovic, H. and Dumm, J.P. and Dunkman, M. and Eberhardt, B. and Edwards, W.R. and Ehrhardt, T. and Eichmann, B. and Eller, P. and Euler, S. and Evenson, P.A. and Fahey, S. and Fazely, A.R. and Feintzeig, J. and Felde, J. and Filimonov, K. and Finley, C. and Flis, S. and Fösig, C.-C. and Franckowiak, A. and Frère, M. and Friedman, E. and Fuchs, T. and Gaisser, T.K. and Gallagher, J. and Gerhardt, L. and Ghorbani, K. and Giang, W. and Gladstone, L. and Glauch, T. and Glowacki, D. and Glüsenkamp, T. and Goldschmidt, A. and Gonzalez, J.G. and Grant, D. and Griffith, Z. and Gustafsson, L. and Haack, C. and Hallgren, A. and Halzen, F. and Hansen, E. and Hansmann, T. and Hanson, K. and Haugen, J. and Hebecker, D. and Heereman, D. and Helbing, K. and Hellauer, R. and Heller, R. and Hickford, S. and Hignight, J. and Hill, G.C. and Hoffman, K.D. and Hoffmann, R. and Hoshina, K. and Huang, F. and Huber, M. and Hulth, P.O. and Hultqvist, K. and In, S. and Inaba, M. and Ishihara, A. and Jacobi, E. and Jacobsen, J. and Japaridze, G.S. and Jeong, M. and Jero, K. and Jones, A. and Jones, B.J.P. and Joseph, J. and Kang, W. and Kappes, A. and Karg, T. and Karle, A. and Katz, U. and Kauer, M. and Keivani, A. and Kelley, J.L. and Kemp, J. and Kheirandish, A. and Kim, J. and Kim, M. and Kintscher, T. and Kiryluk, J. and Kitamura, N. and Kittler, T. and Klein, S.R. and Kleinfelder, S. and Kleist, M. and Kohnen, G. and Koirala, R. and Kolanoski, H. and Konietz, R. and Köpke, L. and Kopper, C. and Kopper, S. and Koskinen, D.J. and Kowalski, M. and Krasberg, M. and Krings, K. and Kroll, M. and Krückl, G. and Krüger, C. and Kunnen, J. and Kunwar, S. and Kurahashi, N. and Kuwabara, T. and Labare, M. and Laihem, K. and Landsman, H. and Lanfranchi, J.L. and Larson, M.J. and Lauber, F. and Laundrie, A. and Lennarz, D. and Leich, H. and Lesiak-Bzdak, M. and Leuermann, M. and Lu, L. and Ludwig, J. and Lünemann, J. and Mackenzie, C. and Madsen, J. and Maggi, G. and Mahn, K.B.M. and Mancina, S. and Mandelartz, M. and Maruyama, R. and Mase, K. and Matis, H. and Maunu, R. and McNally, F. and McParland, C.P. and Meade, P. and Meagher, K. and Medici, M. and Meier, M. and Meli, A. and Menne, T. and Merino, G. and Meures, T. and Miarecki, S. and Minor, R.H. and Montaruli, T. and Moulai, M. and Murray, T. and Nahnhauer, R. and Naumann, U. and Neer, G. and Newcomb, M. and Niederhausen, H. and Nowicki, S.C. and Nygren, D.R. and Pollmann, A. Obertacke and Olivas, A. and O’Murchadha, A. and Palczewski, T. and Pandya, H. and Pankova, D.V. and Patton, S. and Peiffer, P. and Penek, Ö. and Pepper, J.A. and Heros, C. Pérez de los and Pettersen, C. and Pieloth, D. and Pinat, E. and Price, P.B. and Przybylski, G.T. and Quinnan, M. and Raab, C. and Rädel, L. and Rameez, M. and Rawlins, K. and Reimann, R. and Relethford, B. and Relich, M. and Resconi, E. and Rhode, W. and Richman, M. and Riedel, B. and Robertson, S. and Rongen, M. and Roucelle, C. and Rott, C. and Ruhe, T. and Ryckbosch, D. and Rysewyk, D. and Sabbatini, L. and Herrera, S.E. Sanchez and Sandrock, A. and Sandroos, J. and Sandstrom, P. and Sarkar, S. and Satalecka, K. and Schlunder, P. and Schmidt, T. and Schoenen, S. and Schöneberg, S. and Schukraft, A. and Schumacher, L. and Seckel, D. and Seunarine, S. and Solarz, M. and Soldin, D. and Song, M. and Spiczak, G.M. and Spiering, C. and Stanev, T. and Stasik, A. and Stettner, J. and Steuer, A. and Stezelberger, T. and Stokstad, R.G. and Stößl, A. and Ström, R. and Strotjohann, N.L. and Sulanke, K.-H. and Sullivan, G.W. and Sutherland, M. and Taavola, H. and Taboada, I. and Tatar, J. and Tenholt, F. and Ter-Antonyan, S. and Terliuk, A. and Tešić, G. and Thollander, L. and Tilav, S. and Toale, P.A. and Tobin, M.N. and Toscano, S. and Tosi, D. and Tselengidou, M. and Turcati, A. and Unger, E. and Usner, M. and Vandenbroucke, J. and Eijndhoven, N. van and Vanheule, S. and Rossem, M. van and Santen, J. van and Vehring, M. and Voge, M. and Vogel, E. and Vraeghe, M. and Wahl, D. and Walck, C. and Wallace, A. and Wallraff, M. and Wandkowsky, N. and Weaver, Ch. and Weiss, M.J. and Wendt, C. and Westerhoff, S. and Wharton, D. and Whelan, B.J. and Wickmann, S. and Wiebe, K. and Wiebusch, C.H. and Wille, L. and Williams, D.R. and Wills, L. and Wisniewski, P. and Wolf, M. and Wood, T.R. and Woolsey, E. and Woschnagg, K. and Xu, D.L. and Xu, X.W. and Xu, Y. and Yanez, J.P. and Yodh, G. and Yoshida, S. and Zoll, M.},
   year={2017},
   month=mar, pages={P03012–P03012} }

% Ein in einem Journal veröffentlichter Artikel (Paper):
@article{pdg,
      author         = "Beringer, J. and others",
      title          = "{Review of Particle Physics (RPP)}",
      collaboration  = "Particle Data Group",
      journal        = "Phys.Rev.",
      volume         = "D86",
      pages          = "010001",
      doi            = "10.1103/PhysRevD.86.010001",
      year           = "2012",
      SLACcitation   = "%%CITATION = PHRVA,D86,010001;%%",
}

@ARTICLE{einstein,
  author = {Einstein, A.},
  title = {A Generalization of the relativistic theory of Gravitation},
  journal = {Annals of Mathematics},
  year = {1945},
  volume = {46},
  pages = {578-584},
  number = {4}
  }

% eine Internet Quelle
@MANUAL{siunitx,
    title   = {siunitx - A comprehensive (SI) units package},
    url = {http://mirror.selfnet.de/tex-archive/macros/latex/contrib/siunitx/siunitx.pdf},
    date = {2013},
    author = {Wright, Joseph}
}
@MANUAL{koma,
    title   = {KOMA -Script},
    subtitle = {ein wandelbares LaTeX-Paket},
    url = {http://mirror.selfnet.de/tex-archive/macros/latex/contrib/koma-script/doc/scrguide.pdf},
    date = {2013},
    author = {Kohm, Markus and Morawski, Jens-Uwe}
}
@MANUAL{biblatex,
    title   = {The Biblatex Package},
    subtitle = {Programmable Bibliographies and Citations},
    url = {ftp://ftp.fu-berlin.de/tex/CTAN/macros/latex/contrib/biblatex/doc/biblatex.pdf},
    date = {2014},
    author = {Lehman, Philipp and others}
}
@ELECTRONIC{make,
    title   = {Gnu-Make Homepage},
    url = {http://www.gnu.org/software/make/},
    date = {2014},
}
@ELECTRONIC{toolbox,
    title   = {Pep et al.\ Toolbox -- \LaTeX-Folien},
    url = {http://toolbox.pep-dortmund.org/files/archive/2014/latex.pdf},
    date = {2014},
}
@ELECTRONIC{gitbash,
    title   = {Git Bash - Download},
    url = {http://msysgit.github.io/},
    date = {2014},
}
@ELECTRONIC{pleser,
    title   = {Modern Packages for LaTeX},
    url = {http://philippleser.de/physics/latex},
    date = {2014},
    author = {Leser, Philipp}
}
@MANUAL{l2tabu,
    title   = {Das LATEX2ε-Sündenregister},
    author = {Ensenbach, Marc and Trettin, Mark},
    url = {ftp://ftp.mpi-sb.mpg.de/pub/tex/mirror/ftp.dante.de/pub/tex/info/l2tabu/german/l2tabu.pdf},
    date = {2011},
}
@ELECTRONIC{texmaker,
    title   = {Texmaker},
    subtitle =  {The universal LaTeX editor, Downloads},
    url = {http://www.xm1math.net/texmaker/download.html},
    date = {2014},
}
